@book{test,
  title     = {Aooga},
  author    = {Mangus},
  year      = 2000,
  publisher = {aooga}
}