@book{kerievsky,
  author         = {Joshua Kerievsky},
  editor         = {},
  publisher      = {Addison-Wesley},
  title          = {Refactoring to Patterns},
  year           = {2005}
}